<?xml version="1.0" encoding="UTF-8"?><collection><record><leader>06320ntm a2200553 a 4500</leader><controlfield tag="001">006822005</controlfield><controlfield tag="003">MiAaHDL</controlfield><controlfield tag="005">20190719000000.0</controlfield><controlfield tag="006">m        d        </controlfield><controlfield tag="007">cr bn ---auaua</controlfield><controlfield tag="008">090623s1768    xx            00| ||ota d</controlfield><datafield tag="035" ind1=" " ind2=" "><subfield code="a">(MiU)006822005</subfield></datafield><datafield tag="035" ind1=" " ind2=" "><subfield code="a">sdr-miu006822005</subfield></datafield><datafield tag="040" ind1=" " ind2=" "><subfield code="a">MiU</subfield><subfield code="c">MiU</subfield><subfield code="e">amremm</subfield></datafield><datafield tag="041" ind1="0" ind2=" "><subfield code="a">ota</subfield></datafield><datafield tag="043" ind1=" " ind2=" "><subfield code="a">n-us-mi</subfield></datafield><datafield tag="100" ind1="1" ind2=" "><subfield code="6">880-01</subfield><subfield code="a">İzzî, Süleyman,</subfield><subfield code="d">-1755.</subfield></datafield><datafield tag="245" ind1="1" ind2="0"><subfield code="6">880-03</subfield><subfield code="a">[Tarih-i İzzi,</subfield><subfield code="f">1181, i.e. 1768].</subfield></datafield><datafield tag="246" ind1="3" ind2=" "><subfield code="i">Title from inscription on 'title page' (p.1):</subfield><subfield code="a">تاريخ عثمانى</subfield></datafield><datafield tag="260" ind1=" " ind2=" "><subfield code="c">[1768].</subfield></datafield><datafield tag="300" ind1=" " ind2=" "><subfield code="a">314 leaves :</subfield><subfield code="b">paper ;</subfield><subfield code="c">290 x 175 mm.</subfield></datafield><datafield tag="500" ind1=" " ind2=" "><subfield code="a">Shelfmark: Ann Arbor, University of Michigan, Special Collections Library, Isl. Ms. 382</subfield></datafield><datafield tag="500" ind1=" " ind2=" "><subfield code="a">Origin: As appears in colophon on p.625, copied by ʻAbd Allāh al-Shahrī [?] ibn Muḥammad (Abdullah eş-Şehri bin Mehmet) with transcription completed 2 [?] Dhū al-Ḥijjah 1181 [ca. 20 April 1768].</subfield></datafield><datafield tag="500" ind1=" " ind2=" "><subfield code="a">Former shelfmark: "457 T. De M. [i.e. Tammaro De Marinis]" inscribed in pencil on 'title page' (p.1).</subfield></datafield><datafield tag="500" ind1=" " ind2=" "><subfield code="a">Binding: Pasteboards faced in dark maroon and framed in dark brown leather (extending to edges/turn-ins, leather faced and edged framed binding) ; Type II binding (with flap), two-piece binding (seam of overlapping flanges visible at spine) ; board linings (doublures) in elegant marbled paper (in black, blue, dark green and red) ; upper and lower covers carry lozenge-shaped central ornament and pendants filled with gold-tooled or incised and gold-filled vegetal composition on dark brown recessed onlays, along with tooled borders in gold ; now sewn in white thread, two stations ; worked chevron endbands in yellow and light blue, good condition ; overall in fairly good condition with some abrasion, staining, lifting of leather, spine slant (slightly cocked), etc. ; repairs to flap in red leather, small repair at head of fore edge flap in red leather, spine rebacked in red leather, and hinges rehinged.</subfield></datafield><datafield tag="500" ind1=" " ind2=" "><subfield code="a">Support: non-European laid paper with 8 laid lines per cm. (mainly vertical, somewhat distinct, curved) and irregular, single chain lines occasionally visible (mainly horizontal), cloudy formation, sturdy, beige in color, well-burnished ; some staining ; small repairs (fills).</subfield></datafield><datafield tag="500" ind1=" " ind2=" "><subfield code="a">Decoration: Elegant illuminated headpiece (ʻunwān / sarlawḥ) at opening on p.2, consisting of rectangular piece with empty gold cartouche flanked by floral motifs in gold with red and green accents, surmounted by scalloped w-shaped piece filled with swirling floral vegetal composition mainly in gold, with red, green, and pink accents on fields of gold and dark blue, itself surmounted by elaborate vertical stalks (tīgh) in blue, entire piece set in a well consisting of bands of pink with red accents, light blue with dark blue accents, and gold interlace ; another illuminated headpiece (dome) at opening of second section on p.294 ; written area surrounded by heavy gold frame defined by black fillets, divisions within (poetic passages, etc.) defined by narrow gold bands outlined by black fillets ; section headings and keywords rubricated.</subfield></datafield><datafield tag="500" ind1=" " ind2=" "><subfield code="a">Script: Naskh ; clear, compact Turkish hand ; partially but irregularly serifed with small teardrop head-serifs on occasional ascender (lām, ṭāʼ even alif) , slight effect of tilt to the left, many closed counters, pointing (for two and three dots) in conjoined dots or strokes, free assimilation of letters.</subfield></datafield><datafield tag="500" ind1=" " ind2=" "><subfield code="a">Layout: Written in 25 lines per page ; frame-ruled.</subfield></datafield><datafield tag="500" ind1=" " ind2=" "><subfield code="a">Collation: 31 V(310), II (314) ; almost exclusively quinions followed by a binion ; catchwords present ; foliation in black ink, Hindu-Arabic numerals, often cut off ; pagination in pencil, Western numerals, supplied during digitization.</subfield></datafield><datafield tag="500" ind1=" " ind2=" "><subfield code="a">Colophon: "Scribal," triangular, reads "قد وقع الفراغ عن يد الضعيف عبد الله الشهرى بن محمد غفر الله ذنوبهما ولجميع المؤمنين والمؤمنات لسنه ۱۱۸۱ ذا الحجه فى يوم ٢ [؟] تم"</subfield></datafield><datafield tag="500" ind1=" " ind2=" "><subfield code="a">Explicit: "وهدايت صمدانيه سن بدرقۀ طريق ايليه آمين بحرمة الانبياء والمرسلين والحمد لله على الاتمام والصلوة والسلام على نبيۀ سيد الانام وعلى اله واصحابه الكرام ومن تبعهم باحسان الى يوم القيام"</subfield></datafield><datafield tag="500" ind1=" " ind2=" "><subfield code="a">Incipit: "يا رب بو رياض ايچره زلال كرمكله بو تازه قلم اشلمه سن بارور ايله"</subfield></datafield><datafield tag="500" ind1=" " ind2=" "><subfield code="a">Title supplied by cataloguer.</subfield></datafield><datafield tag="500" ind1=" " ind2=" "><subfield code="a">Ms. codex.</subfield></datafield><datafield tag="520" ind1="8" ind2=" "><subfield code="a">Elegant copy of the official Ottoman history covering the years 1157-1165 (1744-1752) composed by official historiographer (vak'anüvîs / vakanüvîs), Süleymân İzzî (d.1755).</subfield></datafield><datafield tag="538" ind1=" " ind2=" "><subfield code="a">Mode of access: Internet.</subfield></datafield><datafield tag="541" ind1=" " ind2=" "><subfield code="c">Purchase ;</subfield><subfield code="a">Acquired by purchase (funds donated by Horace Rackham).</subfield><subfield code="d">1924.</subfield></datafield><datafield tag="546" ind1=" " ind2=" "><subfield code="a">Ottoman Turkish.</subfield></datafield><datafield tag="561" ind1=" " ind2=" "><subfield code="a">Inscription in pencil on 'title page' (p.1) "457 T. De M. [i.e. Tammaro De Marinis]" ; possible former inventory marks in (Hindu-Arabic numerals) on 'title page' including "۲۰" and "۲١" ; possible trace of a seal impression in margin of incipit page (p.2) ; statement dated 1276 [1859 or 60] at close on p.625 in name of Kağitçi Abdullah Efendi (كاغدچى عبد الله افندى), accompanied by octagonal seal impression in name of one Muṣṭafa Nashmī [?] ( مصطفى نشمى / Mustafa Neşmi ) ; occasional notabilia (side-heads), glosses (some addressing dated events) and corrections.</subfield></datafield><datafield tag="650" ind1=" " ind2="0"><subfield code="a">Manuscripts, Turkish</subfield><subfield code="z">Michigan</subfield><subfield code="z">Ann Arbor.</subfield></datafield><datafield tag="651" ind1=" " ind2="0"><subfield code="a">Turkey</subfield><subfield code="x">History</subfield><subfield code="y">Mahmud I, 1730-1754</subfield><subfield code="v">Sources.</subfield></datafield><datafield tag="655" ind1=" " ind2="7"><subfield code="a">Headpieces (layout features)</subfield><subfield code="y">18th century.</subfield><subfield code="2">aat</subfield></datafield><datafield tag="700" ind1="0" ind2=" "><subfield code="a">Abdülhamid</subfield><subfield code="b">II,</subfield><subfield code="c">Sultan of the Turks,</subfield><subfield code="d">1842-1918,</subfield><subfield code="e">former owner.</subfield></datafield><datafield tag="700" ind1="0" ind2=" "><subfield code="6">880-04</subfield><subfield code="a">Abdullah eş-Şehri bin Mehmet,</subfield><subfield code="d">fl. 1768,</subfield><subfield code="e">scribe.</subfield></datafield><datafield tag="773" ind1="0" ind2=" "><subfield code="a">Abdul Hamid Collection.</subfield></datafield><datafield tag="880" ind1="0" ind2=" "><subfield code="6">700-04/</subfield><subfield code="a">عبد الله الشهري بن محمد.</subfield><subfield code="e">ناسخ.</subfield></datafield><datafield tag="880" ind1="1" ind2="0"><subfield code="6">245-03/</subfield><subfield code="a">[ تاريخ عزي,</subfield><subfield code="f">1181ه, 1768م].</subfield></datafield><datafield tag="880" ind1="1" ind2=" "><subfield code="6">100-01/</subfield><subfield code="a">عزي، سليمان.</subfield></datafield><datafield tag="CID" ind1=" " ind2=" "><subfield code="a">006822005</subfield></datafield><datafield tag="DAT" ind1="0" ind2=" "><subfield code="a">20190719102640.0</subfield><subfield code="b">20190719000000.0</subfield></datafield><datafield tag="DAT" ind1="1" ind2=" "><subfield code="a">20190719090653.0</subfield><subfield code="b">2019-07-19T16:12:24Z</subfield></datafield><datafield tag="DAT" ind1="2" ind2=" "><subfield code="a">2015-10-10T18:00:06Z</subfield></datafield><datafield tag="CAT" ind1=" " ind2=" "><subfield code="a">SDR-MIU</subfield><subfield code="d">EX LIBRIS - ALEPH</subfield><subfield code="l">prepare.pl-004-008</subfield></datafield><datafield tag="FMT" ind1=" " ind2=" "><subfield code="a">BK</subfield></datafield><datafield tag="HOL" ind1=" " ind2=" "><subfield code="0">sdr-miu006822005</subfield><subfield code="a">MiU</subfield><subfield code="b">SDR</subfield><subfield code="c">MIU</subfield><subfield code="p">mdp.39015079130491</subfield><subfield code="s">MIU</subfield><subfield code="1">006822005</subfield></datafield><datafield tag="974" ind1=" " ind2=" "><subfield code="b">MIU</subfield><subfield code="c">MIU</subfield><subfield code="d">20190719</subfield><subfield code="s">lit-dlps-dc</subfield><subfield code="u">mdp.39015079130491</subfield><subfield code="y">1768</subfield><subfield code="r">pd</subfield><subfield code="q">bib</subfield><subfield code="t">non-US bib date1 &lt; 1879</subfield></datafield></record></collection>